2016/12/20 10:10:45.057 [org.usfirst.frc.team5461.robot.Robot] INFO - Starting robotInit
2016/12/20 10:11:04.456 [org.usfirst.frc.team5461.robot.AveragingJoystick] INFO - 0.0,0.0,0.0,0.0
2016/12/20 10:11:04.470 [org.usfirst.frc.team5461.robot.AveragingJoystick] INFO - 0.0,0.0,0.0,0.0
2016/12/20 10:11:04.489 [org.usfirst.frc.team5461.robot.AveragingJoystick] INFO - 0.0,0.0,0.0,0.0
2016/12/20 10:11:04.509 [org.usfirst.frc.team5461.robot.AveragingJoystick] INFO - 0.0,0.0,0.0,0.0
2016/12/20 10:11:04.529 [org.usfirst.frc.team5461.robot.AveragingJoystick] INFO - 0.0,0.0,0.0,0.0
2016/12/20 10:11:04.550 [org.usfirst.frc.team5461.robot.AveragingJoystick] INFO - 0.0,0.0,0.0,0.0
2016/12/20 10:11:04.568 [org.usfirst.frc.team5461.robot.AveragingJoystick] INFO - 0.0,0.0,0.0,0.0
2016/12/20 10:11:04.589 [org.usfirst.frc.team5461.robot.AveragingJoystick] INFO - 0.0,0.0,0.0,0.0
2016/12/20 10:11:04.608 [org.usfirst.frc.team5461.robot.AveragingJoystick] INFO - 0.0,0.0,0.0,0.0
2016/12/20 10:11:04.629 [org.usfirst.frc.team5461.robot.AveragingJoystick] INFO - 0.0,0.0,0.0,0.0
2016/12/20 10:11:04.667 [org.usfirst.frc.team5461.robot.AveragingJoystick] INFO - 0.0,0.0,0.0,0.0
2016/12/20 10:11:04.687 [org.usfirst.frc.team5461.robot.AveragingJoystick] INFO - 0.0,0.0,0.0,0.0
2016/12/20 10:11:04.707 [org.usfirst.frc.team5461.robot.AveragingJoystick] INFO - 0.0,0.0,0.0,0.0
2016/12/20 10:11:04.726 [org.usfirst.frc.team5461.robot.AveragingJoystick] INFO - 0.0,0.0,0.0,0.0
2016/12/20 10:11:04.746 [org.usfirst.frc.team5461.robot.AveragingJoystick] INFO - 0.0,0.0,0.0,0.0
2016/12/20 10:11:04.767 [org.usfirst.frc.team5461.robot.AveragingJoystick] INFO - 0.0,0.0,0.0,0.0
2016/12/20 10:11:04.787 [org.usfirst.frc.team5461.robot.AveragingJoystick] INFO - 0.0,0.0,0.0,0.0
2016/12/20 10:11:04.807 [org.usfirst.frc.team5461.robot.AveragingJoystick] INFO - 0.0,0.0,0.0,0.0
2016/12/20 10:11:04.827 [org.usfirst.frc.team5461.robot.AveragingJoystick] INFO - 0.0,0.0,0.0,0.0
2016/12/20 10:11:04.847 [org.usfirst.frc.team5461.robot.AveragingJoystick] INFO - 0.0,0.0,0.0,0.0
2016/12/20 10:11:04.867 [org.usfirst.frc.team5461.robot.AveragingJoystick] INFO - 0.0,0.0,0.0,0.0
2016/12/20 10:11:04.890 [org.usfirst.frc.team5461.robot.AveragingJoystick] INFO - 0.0,0.0,0.0,0.0
2016/12/20 10:11:04.907 [org.usfirst.frc.team5461.robot.AveragingJoystick] INFO - 0.0,0.0,0.0,0.0
2016/12/20 10:11:04.929 [org.usfirst.frc.team5461.robot.AveragingJoystick] INFO - 0.0,0.0,0.0,0.0
2016/12/20 10:11:04.946 [org.usfirst.frc.team5461.robot.AveragingJoystick] INFO - 0.0,0.0,0.0,0.0
2016/12/20 10:11:04.966 [org.usfirst.frc.team5461.robot.AveragingJoystick] INFO - 0.0,0.0,0.0,0.0
2016/12/20 10:11:04.986 [org.usfirst.frc.team5461.robot.AveragingJoystick] INFO - 0.0,0.0,0.0,0.0
2016/12/20 10:11:05.007 [org.usfirst.frc.team5461.robot.AveragingJoystick] INFO - 0.0,0.0,0.0,0.0
2016/12/20 10:11:05.026 [org.usfirst.frc.team5461.robot.AveragingJoystick] INFO - 0.0,0.0,0.0,0.0
2016/12/20 10:11:05.051 [org.usfirst.frc.team5461.robot.AveragingJoystick] INFO - 0.0,0.0,0.0,0.0
2016/12/20 10:11:05.089 [org.usfirst.frc.team5461.robot.AveragingJoystick] INFO - 0.0,0.0,0.0,0.0
2016/12/20 10:11:05.107 [org.usfirst.frc.team5461.robot.AveragingJoystick] INFO - 0.0,0.0,0.0,0.0
2016/12/20 10:11:05.127 [org.usfirst.frc.team5461.robot.AveragingJoystick] INFO - 0.0,0.0,0.0,0.0
2016/12/20 10:11:05.147 [org.usfirst.frc.team5461.robot.AveragingJoystick] INFO - 0.0,0.0,0.0,0.0
2016/12/20 10:11:05.169 [org.usfirst.frc.team5461.robot.AveragingJoystick] INFO - 0.0,0.0,0.0,0.0
2016/12/20 10:11:05.189 [org.usfirst.frc.team5461.robot.AveragingJoystick] INFO - 0.0,0.0,0.0,0.0
2016/12/20 10:11:05.208 [org.usfirst.frc.team5461.robot.AveragingJoystick] INFO - 0.0,0.0,0.0,0.0
2016/12/20 10:11:05.226 [org.usfirst.frc.team5461.robot.AveragingJoystick] INFO - 0.0,0.0,0.0,0.0
2016/12/20 10:11:05.248 [org.usfirst.frc.team5461.robot.AveragingJoystick] INFO - 0.0,0.0,0.0,0.0
2016/12/20 10:11:05.267 [org.usfirst.frc.team5461.robot.AveragingJoystick] INFO - 0.0,0.0,0.0,0.0
2016/12/20 10:11:05.286 [org.usfirst.frc.team5461.robot.AveragingJoystick] INFO - 0.0,0.0,0.0,0.0
2016/12/20 10:11:05.308 [org.usfirst.frc.team5461.robot.AveragingJoystick] INFO - 0.0,0.0,0.0,0.0
2016/12/20 10:11:05.328 [org.usfirst.frc.team5461.robot.AveragingJoystick] INFO - 0.0,0.0,0.0,0.0
2016/12/20 10:11:05.347 [org.usfirst.frc.team5461.robot.AveragingJoystick] INFO - 0.0,0.0,0.0,0.0
2016/12/20 10:11:05.367 [org.usfirst.frc.team5461.robot.AveragingJoystick] INFO - 0.0,0.0,0.0,0.0
2016/12/20 10:11:05.386 [org.usfirst.frc.team5461.robot.AveragingJoystick] INFO - 0.0,0.0,0.0,0.0
2016/12/20 10:11:05.406 [org.usfirst.frc.team5461.robot.AveragingJoystick] INFO - 0.0,0.0,0.0,0.0
2016/12/20 10:11:05.426 [org.usfirst.frc.team5461.robot.AveragingJoystick] INFO - 0.0,0.0,0.0,0.0
2016/12/20 10:11:05.446 [org.usfirst.frc.team5461.robot.AveragingJoystick] INFO - 0.0,0.0,0.0,0.0
2016/12/20 10:11:05.467 [org.usfirst.frc.team5461.robot.AveragingJoystick] INFO - 0.0,0.0,0.0,0.0
2016/12/20 10:11:05.487 [org.usfirst.frc.team5461.robot.AveragingJoystick] INFO - 0.0,0.0,0.0,0.0
2016/12/20 10:11:05.506 [org.usfirst.frc.team5461.robot.AveragingJoystick] INFO - 0.0,0.0,0.0,0.0
2016/12/20 10:11:05.526 [org.usfirst.frc.team5461.robot.AveragingJoystick] INFO - 0.0,0.0,0.0,0.0
2016/12/20 10:11:05.548 [org.usfirst.frc.team5461.robot.AveragingJoystick] INFO - 0.0,0.0,0.0,0.0
2016/12/20 10:11:05.567 [org.usfirst.frc.team5461.robot.AveragingJoystick] INFO - 0.0,0.0,0.0,0.0
2016/12/20 10:11:05.586 [org.usfirst.frc.team5461.robot.AveragingJoystick] INFO - 0.0,0.0,0.0,0.0
2016/12/20 10:11:05.606 [org.usfirst.frc.team5461.robot.AveragingJoystick] INFO - 0.0,0.0,0.0,0.0
2016/12/20 10:11:05.627 [org.usfirst.frc.team5461.robot.AveragingJoystick] INFO - 0.0,0.0,0.0,0.0
2016/12/20 10:11:05.646 [org.usfirst.frc.team5461.robot.AveragingJoystick] INFO - 0.0,0.0,0.0,0.0
2016/12/20 10:11:05.666 [org.usfirst.frc.team5461.robot.AveragingJoystick] INFO - 0.0,0.0,0.0,0.0
2016/12/20 10:11:05.685 [org.usfirst.frc.team5461.robot.AveragingJoystick] INFO - 0.0,0.0,0.0,0.0
2016/12/20 10:11:05.706 [org.usfirst.frc.team5461.robot.AveragingJoystick] INFO - 0.0,0.0,0.0,0.0
2016/12/20 10:11:05.727 [org.usfirst.frc.team5461.robot.AveragingJoystick] INFO - 0.0,0.0,0.0,0.0
2016/12/20 10:11:05.747 [org.usfirst.frc.team5461.robot.AveragingJoystick] INFO - 0.0,0.0,0.0,0.0
2016/12/20 10:11:05.767 [org.usfirst.frc.team5461.robot.AveragingJoystick] INFO - 0.0,0.0,0.0,0.0
2016/12/20 10:11:05.787 [org.usfirst.frc.team5461.robot.AveragingJoystick] INFO - 0.0,0.0,0.0,0.0
2016/12/20 10:11:05.806 [org.usfirst.frc.team5461.robot.AveragingJoystick] INFO - 0.0,0.0,0.0,0.0
2016/12/20 10:11:05.827 [org.usfirst.frc.team5461.robot.AveragingJoystick] INFO - 0.0,0.0,0.0,0.0
2016/12/20 10:11:05.847 [org.usfirst.frc.team5461.robot.AveragingJoystick] INFO - 0.0,0.0,0.0,0.0
2016/12/20 10:11:05.866 [org.usfirst.frc.team5461.robot.AveragingJoystick] INFO - 0.0,0.0,0.0,0.0
2016/12/20 10:11:05.887 [org.usfirst.frc.team5461.robot.AveragingJoystick] INFO - 0.0,0.0,0.0,0.0
2016/12/20 10:11:05.907 [org.usfirst.frc.team5461.robot.AveragingJoystick] INFO - 0.0,0.0,0.0,0.0
2016/12/20 10:11:05.927 [org.usfirst.frc.team5461.robot.AveragingJoystick] INFO - 0.0,0.0,0.0,0.0
2016/12/20 10:11:05.946 [org.usfirst.frc.team5461.robot.AveragingJoystick] INFO - 0.0,0.0,0.0,0.0
2016/12/20 10:11:05.966 [org.usfirst.frc.team5461.robot.AveragingJoystick] INFO - 0.0,0.0,0.0,0.0
2016/12/20 10:11:05.986 [org.usfirst.frc.team5461.robot.AveragingJoystick] INFO - 0.0,0.0,0.0,0.0
2016/12/20 10:11:06.008 [org.usfirst.frc.team5461.robot.AveragingJoystick] INFO - 0.0,0.0,0.0,0.0
2016/12/20 10:11:06.026 [org.usfirst.frc.team5461.robot.AveragingJoystick] INFO - 0.0,0.0,0.0,0.0
2016/12/20 10:11:06.046 [org.usfirst.frc.team5461.robot.AveragingJoystick] INFO - 0.0,0.0,0.0,0.0
2016/12/20 10:11:06.066 [org.usfirst.frc.team5461.robot.AveragingJoystick] INFO - 0.0,0.0,0.0,0.0
2016/12/20 10:11:06.085 [org.usfirst.frc.team5461.robot.AveragingJoystick] INFO - 0.0,0.0,0.0,0.0
2016/12/20 10:11:06.106 [org.usfirst.frc.team5461.robot.AveragingJoystick] INFO - 0.0,0.0,0.0,0.0
2016/12/20 10:11:06.126 [org.usfirst.frc.team5461.robot.AveragingJoystick] INFO - 0.0,0.0,0.0,0.0
2016/12/20 10:11:06.154 [org.usfirst.frc.team5461.robot.AveragingJoystick] INFO - 0.0,0.0,0.0,0.0
2016/12/20 10:11:06.170 [org.usfirst.frc.team5461.robot.AveragingJoystick] INFO - 0.0,0.0,0.0,0.0
2016/12/20 10:11:06.185 [org.usfirst.frc.team5461.robot.AveragingJoystick] INFO - 0.0,0.0,0.0,0.0
2016/12/20 10:11:06.205 [org.usfirst.frc.team5461.robot.AveragingJoystick] INFO - 0.0,0.0,0.0,0.0
2016/12/20 10:11:06.225 [org.usfirst.frc.team5461.robot.AveragingJoystick] INFO - 0.0,0.0,0.0,0.0
2016/12/20 10:11:06.246 [org.usfirst.frc.team5461.robot.AveragingJoystick] INFO - 0.0,0.0,0.0,0.0
2016/12/20 10:11:06.265 [org.usfirst.frc.team5461.robot.AveragingJoystick] INFO - 0.0,0.0,0.0,0.0
2016/12/20 10:11:06.287 [org.usfirst.frc.team5461.robot.AveragingJoystick] INFO - 0.0,0.0,0.0,0.0
2016/12/20 10:11:06.307 [org.usfirst.frc.team5461.robot.AveragingJoystick] INFO - 0.0,0.0,0.0,0.0
2016/12/20 10:11:06.328 [org.usfirst.frc.team5461.robot.AveragingJoystick] INFO - 0.0,0.0,0.0,0.0
2016/12/20 10:11:06.347 [org.usfirst.frc.team5461.robot.AveragingJoystick] INFO - 0.0,0.0,0.0,0.0
2016/12/20 10:11:06.366 [org.usfirst.frc.team5461.robot.AveragingJoystick] INFO - 0.0,0.0,0.0,0.0
2016/12/20 10:11:06.388 [org.usfirst.frc.team5461.robot.AveragingJoystick] INFO - 0.0,0.0,0.0,0.0
2016/12/20 10:11:06.409 [org.usfirst.frc.team5461.robot.AveragingJoystick] INFO - 0.0,0.0,0.0,0.0
2016/12/20 10:11:06.429 [org.usfirst.frc.team5461.robot.AveragingJoystick] INFO - 0.0,0.0,0.0,0.0
2016/12/20 10:11:06.449 [org.usfirst.frc.team5461.robot.AveragingJoystick] INFO - 0.0,0.0,0.0,0.0
2016/12/20 10:11:06.467 [org.usfirst.frc.team5461.robot.AveragingJoystick] INFO - 0.0,0.0,0.0,0.0
2016/12/20 10:11:06.486 [org.usfirst.frc.team5461.robot.AveragingJoystick] INFO - 0.0,0.0,0.0,0.0
2016/12/20 10:11:06.506 [org.usfirst.frc.team5461.robot.AveragingJoystick] INFO - 0.0,0.0,0.0,0.0
2016/12/20 10:11:06.527 [org.usfirst.frc.team5461.robot.AveragingJoystick] INFO - 0.0,0.0,0.0,0.0
2016/12/20 10:11:06.546 [org.usfirst.frc.team5461.robot.AveragingJoystick] INFO - 0.0,0.0,0.0,0.0
2016/12/20 10:11:06.566 [org.usfirst.frc.team5461.robot.AveragingJoystick] INFO - 0.0,0.0,0.0,0.0
2016/12/20 10:11:06.586 [org.usfirst.frc.team5461.robot.AveragingJoystick] INFO - 0.0,0.0,0.0,0.0
2016/12/20 10:11:06.606 [org.usfirst.frc.team5461.robot.AveragingJoystick] INFO - 0.0,0.0,0.0,0.0
2016/12/20 10:11:06.627 [org.usfirst.frc.team5461.robot.AveragingJoystick] INFO - 0.0,0.0,0.0,0.0
2016/12/20 10:11:06.648 [org.usfirst.frc.team5461.robot.AveragingJoystick] INFO - 0.0,0.0,0.0,0.0
2016/12/20 10:11:06.668 [org.usfirst.frc.team5461.robot.AveragingJoystick] INFO - 0.0,0.0,0.0,0.0
2016/12/20 10:11:06.688 [org.usfirst.frc.team5461.robot.AveragingJoystick] INFO - 0.0,0.0,0.0,0.0
2016/12/20 10:11:06.708 [org.usfirst.frc.team5461.robot.AveragingJoystick] INFO - 0.0,0.0,0.0,0.0
2016/12/20 10:11:06.726 [org.usfirst.frc.team5461.robot.AveragingJoystick] INFO - 0.0,0.0,0.0,0.0
2016/12/20 10:11:06.747 [org.usfirst.frc.team5461.robot.AveragingJoystick] INFO - 0.0,0.0,0.0,0.0
2016/12/20 10:11:06.766 [org.usfirst.frc.team5461.robot.AveragingJoystick] INFO - 0.0,0.0,0.0,0.0
2016/12/20 10:11:06.786 [org.usfirst.frc.team5461.robot.AveragingJoystick] INFO - 0.0,0.0,0.0,0.0
2016/12/20 10:11:06.806 [org.usfirst.frc.team5461.robot.AveragingJoystick] INFO - 0.0,0.0,0.0,0.0
2016/12/20 10:11:06.826 [org.usfirst.frc.team5461.robot.AveragingJoystick] INFO - 0.0,0.0,0.0,0.0
2016/12/20 10:11:06.846 [org.usfirst.frc.team5461.robot.AveragingJoystick] INFO - 0.0,0.0,0.0,0.0
2016/12/20 10:11:06.868 [org.usfirst.frc.team5461.robot.AveragingJoystick] INFO - 0.0,0.0,0.0,0.0
2016/12/20 10:11:06.888 [org.usfirst.frc.team5461.robot.AveragingJoystick] INFO - 0.0,0.0,0.0,0.0
2016/12/20 10:11:06.908 [org.usfirst.frc.team5461.robot.AveragingJoystick] INFO - 0.0,0.0,0.0,0.0
2016/12/20 10:11:06.927 [org.usfirst.frc.team5461.robot.AveragingJoystick] INFO - 0.0,0.0,0.0,0.0
2016/12/20 10:11:06.947 [org.usfirst.frc.team5461.robot.AveragingJoystick] INFO - 0.0,0.0,0.0,0.0
2016/12/20 10:11:06.971 [org.usfirst.frc.team5461.robot.AveragingJoystick] INFO - 0.0,0.0,0.0,0.0
2016/12/20 10:11:06.988 [org.usfirst.frc.team5461.robot.AveragingJoystick] INFO - 0.0,0.0,0.0,0.0
2016/12/20 10:11:07.010 [org.usfirst.frc.team5461.robot.AveragingJoystick] INFO - 0.0,0.0,0.0,0.0
2016/12/20 10:11:07.028 [org.usfirst.frc.team5461.robot.AveragingJoystick] INFO - 0.0,0.0,0.0,0.0
2016/12/20 10:11:07.048 [org.usfirst.frc.team5461.robot.AveragingJoystick] INFO - 0.0,0.0,0.0,0.0
2016/12/20 10:11:07.068 [org.usfirst.frc.team5461.robot.AveragingJoystick] INFO - 0.0,0.0,0.0,0.0
2016/12/20 10:11:07.088 [org.usfirst.frc.team5461.robot.AveragingJoystick] INFO - 0.0,0.0,0.0,0.0
2016/12/20 10:11:07.106 [org.usfirst.frc.team5461.robot.AveragingJoystick] INFO - 0.0,0.0,0.0,0.0
2016/12/20 10:11:07.129 [org.usfirst.frc.team5461.robot.AveragingJoystick] INFO - 0.0,0.0,0.0,0.0
2016/12/20 10:11:07.167 [org.usfirst.frc.team5461.robot.AveragingJoystick] INFO - 0.0,0.0,0.0,0.0
2016/12/20 10:11:07.185 [org.usfirst.frc.team5461.robot.AveragingJoystick] INFO - 0.0,0.0,0.0,0.0
2016/12/20 10:11:07.206 [org.usfirst.frc.team5461.robot.AveragingJoystick] INFO - 0.0,0.0,0.0,0.0
2016/12/20 10:11:07.227 [org.usfirst.frc.team5461.robot.AveragingJoystick] INFO - 0.0,0.0,0.0,0.0
2016/12/20 10:11:07.246 [org.usfirst.frc.team5461.robot.AveragingJoystick] INFO - 0.0,0.0,0.0,0.0
2016/12/20 10:11:07.267 [org.usfirst.frc.team5461.robot.AveragingJoystick] INFO - 0.0,0.0,0.0,0.0
2016/12/20 10:11:07.285 [org.usfirst.frc.team5461.robot.AveragingJoystick] INFO - 0.0,0.0,0.0,0.0
2016/12/20 10:11:07.305 [org.usfirst.frc.team5461.robot.AveragingJoystick] INFO - 0.0,0.0,0.0,0.0
2016/12/20 10:11:07.327 [org.usfirst.frc.team5461.robot.AveragingJoystick] INFO - -0.015625,-0.0015625,-0.0078125,-7.8125E-4
2016/12/20 10:11:07.346 [org.usfirst.frc.team5461.robot.AveragingJoystick] INFO - -0.265625,-0.028125,-0.0078125,-0.0015625
2016/12/20 10:11:07.365 [org.usfirst.frc.team5461.robot.AveragingJoystick] INFO - -0.6328125,-0.09140625,-0.0078125,-0.00234375
2016/12/20 10:11:07.386 [org.usfirst.frc.team5461.robot.AveragingJoystick] INFO - -0.8828125,-0.1796875,-0.0078125,-0.003125
2016/12/20 10:11:07.405 [org.usfirst.frc.team5461.robot.AveragingJoystick] INFO - -1.0,-0.2796875,-0.0078125,-0.00390625
2016/12/20 10:11:07.426 [org.usfirst.frc.team5461.robot.AveragingJoystick] INFO - -1.0,-0.3796875,-0.0078125,-0.0046875
2016/12/20 10:11:07.448 [org.usfirst.frc.team5461.robot.AveragingJoystick] INFO - -1.0,-0.4796875,-0.0078125,-0.00546875
2016/12/20 10:11:07.466 [org.usfirst.frc.team5461.robot.AveragingJoystick] INFO - -1.0,-0.5796875,-0.0078125,-0.00625
2016/12/20 10:11:07.488 [org.usfirst.frc.team5461.robot.AveragingJoystick] INFO - -1.0,-0.6796875,-0.0078125,-0.00703125
2016/12/20 10:11:07.506 [org.usfirst.frc.team5461.robot.AveragingJoystick] INFO - -1.0,-0.7796875,-0.0078125,-0.0078125
2016/12/20 10:11:07.528 [org.usfirst.frc.team5461.robot.AveragingJoystick] INFO - -1.0,-0.878125,-0.0078125,-0.0078125
2016/12/20 10:11:07.548 [org.usfirst.frc.team5461.robot.AveragingJoystick] INFO - -1.0,-0.9515625,-0.0078125,-0.0078125
2016/12/20 10:11:07.567 [org.usfirst.frc.team5461.robot.AveragingJoystick] INFO - -1.0,-0.98828125,-0.0078125,-0.0078125
2016/12/20 10:11:07.587 [org.usfirst.frc.team5461.robot.AveragingJoystick] INFO - -1.0,-1.0,-0.0078125,-0.0078125
2016/12/20 10:11:07.607 [org.usfirst.frc.team5461.robot.AveragingJoystick] INFO - -1.0,-1.0,-0.0078125,-0.0078125
2016/12/20 10:11:07.626 [org.usfirst.frc.team5461.robot.AveragingJoystick] INFO - -1.0,-1.0,-0.0078125,-0.0078125
2016/12/20 10:11:07.647 [org.usfirst.frc.team5461.robot.AveragingJoystick] INFO - -1.0,-1.0,-0.0078125,-0.0078125
2016/12/20 10:11:07.668 [org.usfirst.frc.team5461.robot.AveragingJoystick] INFO - -1.0,-1.0,-0.0078125,-0.0078125
2016/12/20 10:11:07.688 [org.usfirst.frc.team5461.robot.AveragingJoystick] INFO - -1.0,-1.0,-0.0078125,-0.0078125
2016/12/20 10:11:07.706 [org.usfirst.frc.team5461.robot.AveragingJoystick] INFO - -1.0,-1.0,-0.0078125,-0.0078125
2016/12/20 10:11:07.727 [org.usfirst.frc.team5461.robot.AveragingJoystick] INFO - -1.0,-1.0,-0.0078125,-0.0078125
2016/12/20 10:11:07.747 [org.usfirst.frc.team5461.robot.AveragingJoystick] INFO - -1.0,-1.0,-0.0078125,-0.0078125
2016/12/20 10:11:07.772 [org.usfirst.frc.team5461.robot.AveragingJoystick] INFO - -1.0,-1.0,-0.0078125,-0.0078125
2016/12/20 10:11:07.787 [org.usfirst.frc.team5461.robot.AveragingJoystick] INFO - -1.0,-1.0,-0.0078125,-0.0078125
2016/12/20 10:11:07.807 [org.usfirst.frc.team5461.robot.AveragingJoystick] INFO - -1.0,-1.0,-0.0078125,-0.0078125
2016/12/20 10:11:07.827 [org.usfirst.frc.team5461.robot.AveragingJoystick] INFO - -1.0,-1.0,-0.0078125,-0.0078125
2016/12/20 10:11:07.846 [org.usfirst.frc.team5461.robot.AveragingJoystick] INFO - -1.0,-1.0,-0.0078125,-0.0078125
2016/12/20 10:11:07.868 [org.usfirst.frc.team5461.robot.AveragingJoystick] INFO - -1.0,-1.0,-0.0078125,-0.0078125
2016/12/20 10:11:07.888 [org.usfirst.frc.team5461.robot.AveragingJoystick] INFO - -1.0,-1.0,-0.0078125,-0.0078125
2016/12/20 10:11:07.907 [org.usfirst.frc.team5461.robot.AveragingJoystick] INFO - -1.0,-1.0,-0.0078125,-0.0078125
2016/12/20 10:11:07.926 [org.usfirst.frc.team5461.robot.AveragingJoystick] INFO - -1.0,-1.0,-0.0078125,-0.0078125
2016/12/20 10:11:07.949 [org.usfirst.frc.team5461.robot.AveragingJoystick] INFO - -1.0,-1.0,-0.0078125,-0.0078125
2016/12/20 10:11:07.968 [org.usfirst.frc.team5461.robot.AveragingJoystick] INFO - -1.0,-1.0,-0.0078125,-0.0078125
2016/12/20 10:11:07.988 [org.usfirst.frc.team5461.robot.AveragingJoystick] INFO - -1.0,-1.0,-0.0078125,-0.0078125
2016/12/20 10:11:08.006 [org.usfirst.frc.team5461.robot.AveragingJoystick] INFO - -1.0,-1.0,-0.0078125,-0.0078125
2016/12/20 10:11:08.026 [org.usfirst.frc.team5461.robot.AveragingJoystick] INFO - -1.0,-1.0,-0.0078125,-0.0078125
2016/12/20 10:11:08.045 [org.usfirst.frc.team5461.robot.AveragingJoystick] INFO - -1.0,-1.0,-0.0078125,-0.0078125
2016/12/20 10:11:08.066 [org.usfirst.frc.team5461.robot.AveragingJoystick] INFO - -1.0,-1.0,-0.0078125,-0.0078125
2016/12/20 10:11:08.086 [org.usfirst.frc.team5461.robot.AveragingJoystick] INFO - -1.0,-1.0,-0.0078125,-0.0078125
2016/12/20 10:11:08.107 [org.usfirst.frc.team5461.robot.AveragingJoystick] INFO - -1.0,-1.0,-0.0078125,-0.0078125
2016/12/20 10:11:08.126 [org.usfirst.frc.team5461.robot.AveragingJoystick] INFO - -1.0,-1.0,-0.0078125,-0.0078125
2016/12/20 10:11:08.146 [org.usfirst.frc.team5461.robot.AveragingJoystick] INFO - -1.0,-1.0,-0.0078125,-0.0078125
2016/12/20 10:11:08.168 [org.usfirst.frc.team5461.robot.AveragingJoystick] INFO - -1.0,-1.0,-0.0078125,-0.0078125
2016/12/20 10:11:08.187 [org.usfirst.frc.team5461.robot.AveragingJoystick] INFO - -1.0,-1.0,-0.0078125,-0.0078125
2016/12/20 10:11:08.206 [org.usfirst.frc.team5461.robot.AveragingJoystick] INFO - -1.0,-1.0,-0.0078125,-0.0078125
2016/12/20 10:11:08.227 [org.usfirst.frc.team5461.robot.AveragingJoystick] INFO - -1.0,-1.0,-0.0078125,-0.0078125
2016/12/20 10:11:08.247 [org.usfirst.frc.team5461.robot.AveragingJoystick] INFO - -1.0,-1.0,-0.0078125,-0.0078125
2016/12/20 10:11:08.267 [org.usfirst.frc.team5461.robot.AveragingJoystick] INFO - -1.0,-1.0,-0.0078125,-0.0078125
2016/12/20 10:11:08.287 [org.usfirst.frc.team5461.robot.AveragingJoystick] INFO - -1.0,-1.0,-0.0078125,-0.0078125
2016/12/20 10:11:08.308 [org.usfirst.frc.team5461.robot.AveragingJoystick] INFO - -1.0,-1.0,-0.0078125,-0.0078125
2016/12/20 10:11:08.327 [org.usfirst.frc.team5461.robot.AveragingJoystick] INFO - -1.0,-1.0,-0.0078125,-0.0078125
2016/12/20 10:11:08.348 [org.usfirst.frc.team5461.robot.AveragingJoystick] INFO - -1.0,-1.0,-0.0078125,-0.0078125
2016/12/20 10:11:08.369 [org.usfirst.frc.team5461.robot.AveragingJoystick] INFO - -1.0,-1.0,-0.0078125,-0.0078125
2016/12/20 10:11:08.387 [org.usfirst.frc.team5461.robot.AveragingJoystick] INFO - -1.0,-1.0,-0.0078125,-0.0078125
2016/12/20 10:11:08.407 [org.usfirst.frc.team5461.robot.AveragingJoystick] INFO - -1.0,-1.0,-0.0078125,-0.0078125
2016/12/20 10:11:08.426 [org.usfirst.frc.team5461.robot.AveragingJoystick] INFO - -1.0,-1.0,-0.0078125,-0.0078125
2016/12/20 10:11:08.446 [org.usfirst.frc.team5461.robot.AveragingJoystick] INFO - -1.0,-1.0,-0.0078125,-0.0078125
2016/12/20 10:11:08.466 [org.usfirst.frc.team5461.robot.AveragingJoystick] INFO - -1.0,-1.0,-0.0078125,-0.0078125
2016/12/20 10:11:08.486 [org.usfirst.frc.team5461.robot.AveragingJoystick] INFO - -1.0,-1.0,-0.0078125,-0.0078125
2016/12/20 10:11:08.506 [org.usfirst.frc.team5461.robot.AveragingJoystick] INFO - -1.0,-1.0,-0.0078125,-0.0078125
2016/12/20 10:11:08.527 [org.usfirst.frc.team5461.robot.AveragingJoystick] INFO - -1.0,-1.0,-0.0078125,-0.0078125
2016/12/20 10:11:08.550 [org.usfirst.frc.team5461.robot.AveragingJoystick] INFO - -1.0,-1.0,-0.0078125,-0.0078125
2016/12/20 10:11:08.569 [org.usfirst.frc.team5461.robot.AveragingJoystick] INFO - -1.0,-1.0,-0.0078125,-0.0078125
2016/12/20 10:11:08.587 [org.usfirst.frc.team5461.robot.AveragingJoystick] INFO - -0.8515625,-0.98515625,-0.0078125,-0.0078125
2016/12/20 10:11:08.609 [org.usfirst.frc.team5461.robot.AveragingJoystick] INFO - -0.6015625,-0.9453125,-0.0078125,-0.0078125
2016/12/20 10:11:08.629 [org.usfirst.frc.team5461.robot.AveragingJoystick] INFO - -0.2265625,-0.86796875,-0.0078125,-0.0078125
2016/12/20 10:11:08.649 [org.usfirst.frc.team5461.robot.AveragingJoystick] INFO - -0.0078125,-0.76875,-0.0078125,-0.0078125
2016/12/20 10:11:08.668 [org.usfirst.frc.team5461.robot.AveragingJoystick] INFO - -0.0078125,-0.66953125,-0.0078125,-0.0078125
2016/12/20 10:11:08.686 [org.usfirst.frc.team5461.robot.AveragingJoystick] INFO - -0.0078125,-0.5703125,-0.0078125,-0.0078125
2016/12/20 10:11:08.706 [org.usfirst.frc.team5461.robot.AveragingJoystick] INFO - -0.0078125,-0.47109375,-0.0078125,-0.0078125
2016/12/20 10:11:08.726 [org.usfirst.frc.team5461.robot.AveragingJoystick] INFO - -0.0078125,-0.371875,-0.0078125,-0.0078125
2016/12/20 10:11:08.746 [org.usfirst.frc.team5461.robot.AveragingJoystick] INFO - -0.0078125,-0.27265625,-0.0078125,-0.0078125
2016/12/20 10:11:08.766 [org.usfirst.frc.team5461.robot.AveragingJoystick] INFO - -0.0078125,-0.1734375,-0.0078125,-0.0078125
2016/12/20 10:11:08.787 [org.usfirst.frc.team5461.robot.AveragingJoystick] INFO - -0.0078125,-0.0890625,-0.0078125,-0.0078125
2016/12/20 10:11:08.806 [org.usfirst.frc.team5461.robot.AveragingJoystick] INFO - -0.0078125,-0.0296875,-0.0078125,-0.0078125
2016/12/20 10:11:08.826 [org.usfirst.frc.team5461.robot.AveragingJoystick] INFO - -0.0078125,-0.0078125,-0.0078125,-0.0078125
2016/12/20 10:11:08.846 [org.usfirst.frc.team5461.robot.AveragingJoystick] INFO - -0.0078125,-0.0078125,-0.0078125,-0.0078125
2016/12/20 10:11:08.867 [org.usfirst.frc.team5461.robot.AveragingJoystick] INFO - -0.0078125,-0.0078125,-0.0078125,-0.0078125
2016/12/20 10:11:08.887 [org.usfirst.frc.team5461.robot.AveragingJoystick] INFO - -0.0078125,-0.0078125,-0.0078125,-0.0078125
2016/12/20 10:11:08.908 [org.usfirst.frc.team5461.robot.AveragingJoystick] INFO - -0.0078125,-0.0078125,-0.0078125,-0.0078125
2016/12/20 10:11:08.926 [org.usfirst.frc.team5461.robot.AveragingJoystick] INFO - -0.0078125,-0.0078125,-0.0078125,-0.0078125
2016/12/20 10:11:08.946 [org.usfirst.frc.team5461.robot.AveragingJoystick] INFO - -0.0078125,-0.0078125,-0.0078125,-0.0078125
2016/12/20 10:11:08.967 [org.usfirst.frc.team5461.robot.AveragingJoystick] INFO - -0.0078125,-0.0078125,-0.0078125,-0.0078125
2016/12/20 10:11:08.987 [org.usfirst.frc.team5461.robot.AveragingJoystick] INFO - -0.0078125,-0.0078125,-0.0078125,-0.0078125
2016/12/20 10:11:09.007 [org.usfirst.frc.team5461.robot.AveragingJoystick] INFO - -0.0078125,-0.0078125,-0.0078125,-0.0078125
2016/12/20 10:11:09.027 [org.usfirst.frc.team5461.robot.AveragingJoystick] INFO - -0.0078125,-0.0078125,-0.0078125,-0.0078125
2016/12/20 10:11:09.049 [org.usfirst.frc.team5461.robot.AveragingJoystick] INFO - -0.0078125,-0.0078125,-0.0078125,-0.0078125
2016/12/20 10:11:09.067 [org.usfirst.frc.team5461.robot.AveragingJoystick] INFO - -0.0078125,-0.0078125,-0.0078125,-0.0078125
2016/12/20 10:11:09.088 [org.usfirst.frc.team5461.robot.AveragingJoystick] INFO - -0.0078125,-0.0078125,-0.0078125,-0.0078125
2016/12/20 10:11:09.106 [org.usfirst.frc.team5461.robot.AveragingJoystick] INFO - -0.0078125,-0.0078125,-0.0078125,-0.0078125
2016/12/20 10:11:09.127 [org.usfirst.frc.team5461.robot.AveragingJoystick] INFO - -0.0078125,-0.0078125,-0.0078125,-0.0078125
2016/12/20 10:11:09.146 [org.usfirst.frc.team5461.robot.AveragingJoystick] INFO - -0.0078125,-0.0078125,-0.0078125,-0.0078125
2016/12/20 10:11:09.167 [org.usfirst.frc.team5461.robot.AveragingJoystick] INFO - -0.0078125,-0.0078125,-0.0078125,-0.0078125
2016/12/20 10:11:09.187 [org.usfirst.frc.team5461.robot.AveragingJoystick] INFO - -0.0078125,-0.0078125,-0.0078125,-0.0078125
2016/12/20 10:11:09.208 [org.usfirst.frc.team5461.robot.AveragingJoystick] INFO - -0.0078125,-0.0078125,-0.0078125,-0.0078125
2016/12/20 10:11:09.227 [org.usfirst.frc.team5461.robot.AveragingJoystick] INFO - -0.0078125,-0.0078125,-0.0078125,-0.0078125
2016/12/20 10:11:09.248 [org.usfirst.frc.team5461.robot.AveragingJoystick] INFO - -0.0078125,-0.0078125,-0.0078125,-0.0078125
2016/12/20 10:11:09.267 [org.usfirst.frc.team5461.robot.AveragingJoystick] INFO - -0.0078125,-0.0078125,-0.0078125,-0.0078125
2016/12/20 10:11:09.288 [org.usfirst.frc.team5461.robot.AveragingJoystick] INFO - -0.0078125,-0.0078125,-0.0078125,-0.0078125
2016/12/20 10:11:09.307 [org.usfirst.frc.team5461.robot.AveragingJoystick] INFO - -0.0078125,-0.0078125,-0.0078125,-0.0078125
2016/12/20 10:11:09.327 [org.usfirst.frc.team5461.robot.AveragingJoystick] INFO - -0.0078125,-0.0078125,-0.0078125,-0.0078125
2016/12/20 10:11:09.347 [org.usfirst.frc.team5461.robot.AveragingJoystick] INFO - -0.0078125,-0.0078125,-0.0078125,-0.0078125
2016/12/20 10:11:09.367 [org.usfirst.frc.team5461.robot.AveragingJoystick] INFO - -0.0078125,-0.0078125,-0.0078125,-0.0078125
2016/12/20 10:11:09.386 [org.usfirst.frc.team5461.robot.AveragingJoystick] INFO - -0.0078125,-0.0078125,-0.0078125,-0.0078125
2016/12/20 10:11:09.406 [org.usfirst.frc.team5461.robot.AveragingJoystick] INFO - -0.0078125,-0.0078125,-0.0078125,-0.0078125
2016/12/20 10:11:09.427 [org.usfirst.frc.team5461.robot.AveragingJoystick] INFO - -0.0078125,-0.0078125,-0.0078125,-0.0078125
2016/12/20 10:11:09.445 [org.usfirst.frc.team5461.robot.AveragingJoystick] INFO - -0.0078125,-0.0078125,-0.0078125,-0.0078125
2016/12/20 10:11:09.466 [org.usfirst.frc.team5461.robot.AveragingJoystick] INFO - -0.0078125,-0.0078125,-0.0078125,-0.0078125
2016/12/20 10:11:09.485 [org.usfirst.frc.team5461.robot.AveragingJoystick] INFO - -0.0078125,-0.0078125,-0.0078125,-0.0078125
2016/12/20 10:11:09.506 [org.usfirst.frc.team5461.robot.AveragingJoystick] INFO - -0.0078125,-0.0078125,-0.0078125,-0.0078125
2016/12/20 10:11:09.526 [org.usfirst.frc.team5461.robot.AveragingJoystick] INFO - -0.0078125,-0.0078125,-0.0078125,-0.0078125
2016/12/20 10:11:09.545 [org.usfirst.frc.team5461.robot.AveragingJoystick] INFO - -0.0078125,-0.0078125,-0.0078125,-0.0078125
2016/12/20 10:11:09.566 [org.usfirst.frc.team5461.robot.AveragingJoystick] INFO - -0.0078125,-0.0078125,-0.0078125,-0.0078125
2016/12/20 10:11:09.585 [org.usfirst.frc.team5461.robot.AveragingJoystick] INFO - -0.0078125,-0.0078125,-0.0078125,-0.0078125
2016/12/20 10:11:09.606 [org.usfirst.frc.team5461.robot.AveragingJoystick] INFO - -0.0078125,-0.0078125,-0.0078125,-0.0078125
2016/12/20 10:11:09.626 [org.usfirst.frc.team5461.robot.AveragingJoystick] INFO - 0.007874015748031496,-0.006243848425196851,-0.0078125,-0.0078125
2016/12/20 10:11:09.646 [org.usfirst.frc.team5461.robot.AveragingJoystick] INFO - 0.25196850393700787,0.019734251968503935,-0.0078125,-0.0078125
2016/12/20 10:11:09.667 [org.usfirst.frc.team5461.robot.AveragingJoystick] INFO - 0.5118110236220472,0.07169660433070865,-0.0078125,-0.0078125
2016/12/20 10:11:09.687 [org.usfirst.frc.team5461.robot.AveragingJoystick] INFO - 0.8740157480314961,0.15987942913385828,-0.0078125,-0.0078125
2016/12/20 10:11:09.706 [org.usfirst.frc.team5461.robot.AveragingJoystick] INFO - 1.0,0.26066067913385826,-0.0078125,-0.0078125
2016/12/20 10:11:09.726 [org.usfirst.frc.team5461.robot.AveragingJoystick] INFO - 1.0,0.36144192913385825,-0.0078125,-0.0078125
2016/12/20 10:11:09.746 [org.usfirst.frc.team5461.robot.AveragingJoystick] INFO - 1.0,0.46222317913385824,-0.0078125,-0.0078125
2016/12/20 10:11:09.766 [org.usfirst.frc.team5461.robot.AveragingJoystick] INFO - 1.0,0.5630044291338583,-0.0078125,-0.0078125
2016/12/20 10:11:09.786 [org.usfirst.frc.team5461.robot.AveragingJoystick] INFO - 1.0,0.6637856791338582,-0.0078125,-0.0078125
2016/12/20 10:11:09.809 [org.usfirst.frc.team5461.robot.AveragingJoystick] INFO - 1.0,0.7645669291338583,-0.0078125,-0.0078125
2016/12/20 10:11:09.827 [org.usfirst.frc.team5461.robot.AveragingJoystick] INFO - 1.0,0.8637795275590552,-0.0078125,-0.0078125
2016/12/20 10:11:09.846 [org.usfirst.frc.team5461.robot.AveragingJoystick] INFO - 1.0,0.9385826771653543,-0.0078125,-0.0078125
2016/12/20 10:11:09.866 [org.usfirst.frc.team5461.robot.AveragingJoystick] INFO - 1.0,0.9874015748031496,-0.0078125,-0.0078125
2016/12/20 10:11:09.887 [org.usfirst.frc.team5461.robot.AveragingJoystick] INFO - 1.0,1.0,-0.0078125,-0.0078125
2016/12/20 10:11:09.905 [org.usfirst.frc.team5461.robot.AveragingJoystick] INFO - 1.0,1.0,-0.0078125,-0.0078125
2016/12/20 10:11:09.926 [org.usfirst.frc.team5461.robot.AveragingJoystick] INFO - 1.0,1.0,-0.0078125,-0.0078125
2016/12/20 10:11:09.946 [org.usfirst.frc.team5461.robot.AveragingJoystick] INFO - 1.0,1.0,-0.0078125,-0.0078125
2016/12/20 10:11:09.968 [org.usfirst.frc.team5461.robot.AveragingJoystick] INFO - 1.0,1.0,-0.0078125,-0.0078125
2016/12/20 10:11:09.987 [org.usfirst.frc.team5461.robot.AveragingJoystick] INFO - 1.0,1.0,-0.0078125,-0.0078125
2016/12/20 10:11:10.007 [org.usfirst.frc.team5461.robot.AveragingJoystick] INFO - 1.0,1.0,-0.0078125,-0.0078125
2016/12/20 10:11:10.026 [org.usfirst.frc.team5461.robot.AveragingJoystick] INFO - 1.0,1.0,-0.0078125,-0.0078125
2016/12/20 10:11:10.047 [org.usfirst.frc.team5461.robot.AveragingJoystick] INFO - 1.0,1.0,-0.0078125,-0.0078125
2016/12/20 10:11:10.067 [org.usfirst.frc.team5461.robot.AveragingJoystick] INFO - 1.0,1.0,-0.0078125,-0.0078125
2016/12/20 10:11:10.086 [org.usfirst.frc.team5461.robot.AveragingJoystick] INFO - 1.0,1.0,-0.0078125,-0.0078125
2016/12/20 10:11:10.108 [org.usfirst.frc.team5461.robot.AveragingJoystick] INFO - 1.0,1.0,-0.0078125,-0.0078125
2016/12/20 10:11:10.127 [org.usfirst.frc.team5461.robot.AveragingJoystick] INFO - 1.0,1.0,-0.0078125,-0.0078125
2016/12/20 10:11:10.146 [org.usfirst.frc.team5461.robot.AveragingJoystick] INFO - 1.0,1.0,-0.0078125,-0.0078125
2016/12/20 10:11:10.167 [org.usfirst.frc.team5461.robot.AveragingJoystick] INFO - 1.0,1.0,-0.0078125,-0.0078125
2016/12/20 10:11:10.187 [org.usfirst.frc.team5461.robot.AveragingJoystick] INFO - 1.0,1.0,-0.0078125,-0.0078125
2016/12/20 10:11:10.207 [org.usfirst.frc.team5461.robot.AveragingJoystick] INFO - 1.0,1.0,-0.0078125,-0.0078125
2016/12/20 10:11:10.229 [org.usfirst.frc.team5461.robot.AveragingJoystick] INFO - 1.0,1.0,-0.0078125,-0.0078125
2016/12/20 10:11:10.250 [org.usfirst.frc.team5461.robot.AveragingJoystick] INFO - 1.0,1.0,-0.0078125,-0.0078125
2016/12/20 10:11:10.270 [org.usfirst.frc.team5461.robot.AveragingJoystick] INFO - 1.0,1.0,-0.0078125,-0.0078125
2016/12/20 10:11:10.290 [org.usfirst.frc.team5461.robot.AveragingJoystick] INFO - 1.0,1.0,-0.0078125,-0.0078125
2016/12/20 10:11:10.308 [org.usfirst.frc.team5461.robot.AveragingJoystick] INFO - 1.0,1.0,-0.0078125,-0.0078125
2016/12/20 10:11:10.330 [org.usfirst.frc.team5461.robot.AveragingJoystick] INFO - 1.0,1.0,-0.0078125,-0.0078125
2016/12/20 10:11:10.347 [org.usfirst.frc.team5461.robot.AveragingJoystick] INFO - 1.0,1.0,-0.0078125,-0.0078125
2016/12/20 10:11:10.366 [org.usfirst.frc.team5461.robot.AveragingJoystick] INFO - 1.0,1.0,-0.0078125,-0.0078125
2016/12/20 10:11:10.386 [org.usfirst.frc.team5461.robot.AveragingJoystick] INFO - 1.0,1.0,-0.0078125,-0.0078125
2016/12/20 10:11:10.406 [org.usfirst.frc.team5461.robot.AveragingJoystick] INFO - 1.0,1.0,-0.0078125,-0.0078125
2016/12/20 10:11:10.426 [org.usfirst.frc.team5461.robot.AveragingJoystick] INFO - 1.0,1.0,-0.0078125,-0.0078125
2016/12/20 10:11:10.446 [org.usfirst.frc.team5461.robot.AveragingJoystick] INFO - 1.0,1.0,-0.0078125,-0.0078125
2016/12/20 10:11:10.469 [org.usfirst.frc.team5461.robot.AveragingJoystick] INFO - 1.0,1.0,-0.0078125,-0.0078125
2016/12/20 10:11:10.486 [org.usfirst.frc.team5461.robot.AveragingJoystick] INFO - 1.0,1.0,-0.0078125,-0.0078125
2016/12/20 10:11:10.526 [org.usfirst.frc.team5461.robot.AveragingJoystick] INFO - 1.0,1.0,-0.0078125,-0.0078125
2016/12/20 10:11:10.546 [org.usfirst.frc.team5461.robot.AveragingJoystick] INFO - 1.0,1.0,-0.0078125,-0.0078125
2016/12/20 10:11:10.566 [org.usfirst.frc.team5461.robot.AveragingJoystick] INFO - 1.0,1.0,-0.0078125,-0.0078125
2016/12/20 10:11:10.586 [org.usfirst.frc.team5461.robot.AveragingJoystick] INFO - 1.0,1.0,-0.0078125,-0.0078125
2016/12/20 10:11:10.606 [org.usfirst.frc.team5461.robot.AveragingJoystick] INFO - 1.0,1.0,-0.0078125,-0.0078125
2016/12/20 10:11:10.627 [org.usfirst.frc.team5461.robot.AveragingJoystick] INFO - 1.0,1.0,-0.0078125,-0.0078125
2016/12/20 10:11:10.648 [org.usfirst.frc.team5461.robot.AveragingJoystick] INFO - 1.0,1.0,-0.0078125,-0.0078125
2016/12/20 10:11:10.668 [org.usfirst.frc.team5461.robot.AveragingJoystick] INFO - 1.0,1.0,-0.0078125,-0.0078125
2016/12/20 10:11:10.687 [org.usfirst.frc.team5461.robot.AveragingJoystick] INFO - 1.0,1.0,-0.0078125,-0.0078125
2016/12/20 10:11:10.706 [org.usfirst.frc.team5461.robot.AveragingJoystick] INFO - 1.0,1.0,-0.0078125,-0.0078125
2016/12/20 10:11:10.726 [org.usfirst.frc.team5461.robot.AveragingJoystick] INFO - 1.0,1.0,-0.0078125,-0.0078125
2016/12/20 10:11:10.747 [org.usfirst.frc.team5461.robot.AveragingJoystick] INFO - 1.0,1.0,-0.0078125,-0.0078125
2016/12/20 10:11:10.767 [org.usfirst.frc.team5461.robot.AveragingJoystick] INFO - 1.0,1.0,-0.0078125,-0.0078125
2016/12/20 10:11:10.787 [org.usfirst.frc.team5461.robot.AveragingJoystick] INFO - 1.0,1.0,-0.0078125,-0.0078125
2016/12/20 10:11:10.806 [org.usfirst.frc.team5461.robot.AveragingJoystick] INFO - 1.0,1.0,-0.0078125,-0.0078125
2016/12/20 10:11:10.826 [org.usfirst.frc.team5461.robot.AveragingJoystick] INFO - 1.0,1.0,-0.0078125,-0.0078125
2016/12/20 10:11:10.845 [org.usfirst.frc.team5461.robot.AveragingJoystick] INFO - 1.0,1.0,-0.0078125,-0.0078125
2016/12/20 10:11:10.866 [org.usfirst.frc.team5461.robot.AveragingJoystick] INFO - 1.0,1.0,-0.0078125,-0.0078125
2016/12/20 10:11:10.886 [org.usfirst.frc.team5461.robot.AveragingJoystick] INFO - 1.0,1.0,-0.0078125,-0.0078125
2016/12/20 10:11:10.905 [org.usfirst.frc.team5461.robot.AveragingJoystick] INFO - 1.0,1.0,-0.0078125,-0.0078125
2016/12/20 10:11:10.926 [org.usfirst.frc.team5461.robot.AveragingJoystick] INFO - 1.0,1.0,-0.0078125,-0.0078125
2016/12/20 10:11:10.952 [org.usfirst.frc.team5461.robot.AveragingJoystick] INFO - 1.0,1.0,-0.0078125,-0.0078125
2016/12/20 10:11:10.969 [org.usfirst.frc.team5461.robot.AveragingJoystick] INFO - 0.8503937007874016,0.9850393700787402,-0.0078125,-0.0078125
2016/12/20 10:11:10.989 [org.usfirst.frc.team5461.robot.AveragingJoystick] INFO - 0.4645669291338583,0.931496062992126,-0.0078125,-0.0078125
2016/12/20 10:11:11.007 [org.usfirst.frc.team5461.robot.AveragingJoystick] INFO - 0.2125984251968504,0.8527559055118111,-0.0078125,-0.0078125
2016/12/20 10:11:11.026 [org.usfirst.frc.team5461.robot.AveragingJoystick] INFO - -0.0078125,0.751974655511811,-0.0078125,-0.0078125
2016/12/20 10:11:11.046 [org.usfirst.frc.team5461.robot.AveragingJoystick] INFO - -0.0078125,0.651193405511811,-0.0078125,-0.0078125
2016/12/20 10:11:11.067 [org.usfirst.frc.team5461.robot.AveragingJoystick] INFO - -0.0078125,0.550412155511811,-0.0078125,-0.0078125
2016/12/20 10:11:11.088 [org.usfirst.frc.team5461.robot.AveragingJoystick] INFO - -0.0078125,0.449630905511811,-0.0078125,-0.0078125
2016/12/20 10:11:11.107 [org.usfirst.frc.team5461.robot.AveragingJoystick] INFO - -0.0078125,0.348849655511811,-0.0078125,-0.0078125
2016/12/20 10:11:11.128 [org.usfirst.frc.team5461.robot.AveragingJoystick] INFO - -0.0078125,0.24806840551181103,-0.0078125,-0.0078125
2016/12/20 10:11:11.148 [org.usfirst.frc.team5461.robot.AveragingJoystick] INFO - -0.0078125,0.147287155511811,-0.0078125,-0.0078125
2016/12/20 10:11:11.167 [org.usfirst.frc.team5461.robot.AveragingJoystick] INFO - -0.0078125,0.06146653543307087,-0.0078125,-0.0078125
2016/12/20 10:11:11.187 [org.usfirst.frc.team5461.robot.AveragingJoystick] INFO - -0.0078125,0.01422859251968504,-0.0078125,-0.0078125
2016/12/20 10:11:11.208 [org.usfirst.frc.team5461.robot.AveragingJoystick] INFO - -0.0078125,-0.0078125,-0.0078125,-0.0078125
2016/12/20 10:11:11.226 [org.usfirst.frc.team5461.robot.AveragingJoystick] INFO - -0.0078125,-0.0078125,-0.0078125,-0.0078125
2016/12/20 10:11:11.246 [org.usfirst.frc.team5461.robot.AveragingJoystick] INFO - -0.0078125,-0.0078125,-0.0078125,-0.0078125
2016/12/20 10:11:11.266 [org.usfirst.frc.team5461.robot.AveragingJoystick] INFO - -0.0078125,-0.0078125,-0.0078125,-0.0078125
2016/12/20 10:11:11.286 [org.usfirst.frc.team5461.robot.AveragingJoystick] INFO - -0.0078125,-0.0078125,-0.0078125,-0.0078125
2016/12/20 10:11:11.308 [org.usfirst.frc.team5461.robot.AveragingJoystick] INFO - -0.0078125,-0.0078125,-0.0078125,-0.0078125
2016/12/20 10:11:11.328 [org.usfirst.frc.team5461.robot.AveragingJoystick] INFO - -0.0078125,-0.0078125,-0.0078125,-0.0078125
2016/12/20 10:11:11.347 [org.usfirst.frc.team5461.robot.AveragingJoystick] INFO - -0.0078125,-0.0078125,-0.0078125,-0.0078125
2016/12/20 10:11:11.367 [org.usfirst.frc.team5461.robot.AveragingJoystick] INFO - -0.0078125,-0.0078125,-0.0078125,-0.0078125
2016/12/20 10:11:11.386 [org.usfirst.frc.team5461.robot.AveragingJoystick] INFO - -0.0078125,-0.0078125,-0.0078125,-0.0078125
2016/12/20 10:11:11.407 [org.usfirst.frc.team5461.robot.AveragingJoystick] INFO - -0.0078125,-0.0078125,-0.0078125,-0.0078125
2016/12/20 10:11:11.426 [org.usfirst.frc.team5461.robot.AveragingJoystick] INFO - -0.0078125,-0.0078125,-0.0078125,-0.0078125
2016/12/20 10:11:11.447 [org.usfirst.frc.team5461.robot.AveragingJoystick] INFO - -0.0078125,-0.0078125,-0.0078125,-0.0078125
2016/12/20 10:11:11.467 [org.usfirst.frc.team5461.robot.AveragingJoystick] INFO - -0.0078125,-0.0078125,-0.0078125,-0.0078125
2016/12/20 10:11:11.488 [org.usfirst.frc.team5461.robot.AveragingJoystick] INFO - -0.0078125,-0.0078125,-0.0078125,-0.0078125
2016/12/20 10:11:11.507 [org.usfirst.frc.team5461.robot.AveragingJoystick] INFO - -0.0078125,-0.0078125,-0.0078125,-0.0078125
2016/12/20 10:11:11.527 [org.usfirst.frc.team5461.robot.AveragingJoystick] INFO - -0.0078125,-0.0078125,-0.0078125,-0.0078125
2016/12/20 10:11:11.546 [org.usfirst.frc.team5461.robot.AveragingJoystick] INFO - -0.0078125,-0.0078125,-0.0078125,-0.0078125
2016/12/20 10:11:11.566 [org.usfirst.frc.team5461.robot.AveragingJoystick] INFO - -0.0078125,-0.0078125,-0.0078125,-0.0078125
2016/12/20 10:11:11.587 [org.usfirst.frc.team5461.robot.AveragingJoystick] INFO - -0.0078125,-0.0078125,-0.0078125,-0.0078125
2016/12/20 10:11:11.606 [org.usfirst.frc.team5461.robot.AveragingJoystick] INFO - -0.0078125,-0.0078125,-0.0078125,-0.0078125
2016/12/20 10:11:11.626 [org.usfirst.frc.team5461.robot.AveragingJoystick] INFO - -0.0078125,-0.0078125,-0.0078125,-0.0078125
2016/12/20 10:11:11.645 [org.usfirst.frc.team5461.robot.AveragingJoystick] INFO - -0.0078125,-0.0078125,-0.0078125,-0.0078125
2016/12/20 10:11:11.665 [org.usfirst.frc.team5461.robot.AveragingJoystick] INFO - -0.0078125,-0.0078125,-0.0078125,-0.0078125
2016/12/20 10:11:11.686 [org.usfirst.frc.team5461.robot.AveragingJoystick] INFO - -0.0078125,-0.0078125,-0.0078125,-0.0078125
2016/12/20 10:11:11.706 [org.usfirst.frc.team5461.robot.AveragingJoystick] INFO - -0.0078125,-0.0078125,-0.0078125,-0.0078125
2016/12/20 10:11:11.726 [org.usfirst.frc.team5461.robot.AveragingJoystick] INFO - -0.0078125,-0.0078125,-0.0078125,-0.0078125
2016/12/20 10:11:11.746 [org.usfirst.frc.team5461.robot.AveragingJoystick] INFO - -0.0078125,-0.0078125,-0.0078125,-0.0078125
2016/12/20 10:11:11.766 [org.usfirst.frc.team5461.robot.AveragingJoystick] INFO - -0.0078125,-0.0078125,-0.0078125,-0.0078125
2016/12/20 10:11:11.786 [org.usfirst.frc.team5461.robot.AveragingJoystick] INFO - -0.0078125,-0.0078125,-0.0078125,-0.0078125
2016/12/20 10:11:11.807 [org.usfirst.frc.team5461.robot.AveragingJoystick] INFO - -0.0078125,-0.0078125,-0.0078125,-0.0078125
2016/12/20 10:11:11.827 [org.usfirst.frc.team5461.robot.AveragingJoystick] INFO - -0.0078125,-0.0078125,-0.0078125,-0.0078125
2016/12/20 10:11:11.846 [org.usfirst.frc.team5461.robot.AveragingJoystick] INFO - -0.0078125,-0.0078125,-0.0078125,-0.0078125
2016/12/20 10:11:11.867 [org.usfirst.frc.team5461.robot.AveragingJoystick] INFO - -0.0078125,-0.0078125,-0.0078125,-0.0078125
2016/12/20 10:11:11.891 [org.usfirst.frc.team5461.robot.AveragingJoystick] INFO - -0.0078125,-0.0078125,-0.0078125,-0.0078125
2016/12/20 10:11:11.908 [org.usfirst.frc.team5461.robot.AveragingJoystick] INFO - -0.0078125,-0.0078125,-0.0078125,-0.0078125
2016/12/20 10:11:11.927 [org.usfirst.frc.team5461.robot.AveragingJoystick] INFO - -0.0078125,-0.0078125,-0.0078125,-0.0078125
2016/12/20 10:11:11.947 [org.usfirst.frc.team5461.robot.AveragingJoystick] INFO - -0.0078125,-0.0078125,-0.0078125,-0.0078125
2016/12/20 10:11:11.967 [org.usfirst.frc.team5461.robot.AveragingJoystick] INFO - -0.0078125,-0.0078125,-0.0078125,-0.0078125
2016/12/20 10:11:11.986 [org.usfirst.frc.team5461.robot.AveragingJoystick] INFO - -0.0078125,-0.0078125,-0.0078125,-0.0078125
2016/12/20 10:11:12.006 [org.usfirst.frc.team5461.robot.AveragingJoystick] INFO - -0.0078125,-0.0078125,-0.0078125,-0.0078125
2016/12/20 10:11:12.027 [org.usfirst.frc.team5461.robot.AveragingJoystick] INFO - -0.0078125,-0.0078125,-0.0078125,-0.0078125
2016/12/20 10:11:12.047 [org.usfirst.frc.team5461.robot.AveragingJoystick] INFO - -0.0078125,-0.0078125,-0.0078125,-0.0078125
2016/12/20 10:11:12.068 [org.usfirst.frc.team5461.robot.AveragingJoystick] INFO - -0.0078125,-0.0078125,-0.0078125,-0.0078125
2016/12/20 10:11:12.088 [org.usfirst.frc.team5461.robot.AveragingJoystick] INFO - -0.0078125,-0.0078125,-0.0078125,-0.0078125
2016/12/20 10:11:12.107 [org.usfirst.frc.team5461.robot.AveragingJoystick] INFO - -0.0078125,-0.0078125,-0.0078125,-0.0078125
